@book{weinberg,
	year = {1972},
	publisher = {New York: Wiley},
	author = {Steven Weinberg},
	title = {Gravitation and Cosmology}
}

@book{wheeler,
   author = {Misner, C.~W. and Thorne, K.~S. and Wheeler,J.~A.},
    title = {Gravitation},
booktitle = {San Francisco: W.H.~Freeman and Co., 1973},
     year = {1973}
}

@book{hawking, 
    place={Cambridge}, 
    series={Cambridge Monographs on Mathematical Physics}, 
    title={The Large Scale Structure of Space-Time},
    publisher={Cambridge University Press}, 
    author={Hawking, S. W. and Ellis, G. F. R.}, 
    year={1973},
    collection={Cambridge Monographs on Mathematical Physics}
}

@book{hartle,
  author = {Hartle, James B.},
  month = {jan},
  publisher = {Benjamin Cummings},
  title = {Gravity: An Introduction to Einstein's General Relativity},
  year = {2003}
}

@article{price,
    author = {Price,Richard H.},
    title = {General relativity primer},
    journal = {American Journal of Physics},
    volume = {50},
    number = {4},
    pages = {300-329},
    year = {1982}
}

@book{nakahara,
    author = {Nakahara, M.},
    title = {Geometry, topology and physics},
    journal = {Boca Raton, USA: Taylor & Francis},
    year = {2003}
}

@book{wald,
  author = {Wald, Robert M.},
  publisher = {University Of Chicago Press},
  title = {General Relativity},
  year = {1984}
}

@book{lee,
  author = {Lee, John M.},
  title = {Introduction to Smooth Manifolds},
  year = {2000}
}

@article{leblond,
    author = {Levy-Leblond, Jean-Marc},
    year = {1976},
    month = {03},
    pages = {271-277},
    title = {One more derivation of the Lorentz transformation},
    volume = {44},
    journal = {American Journal of Physics - AMER J PHYS}
}

@book{gutt,
  author = {Gutt, Simone},
  title = {Géométrie différentielle (MATHF-3010)},
  year = {2018}
}
